@book{BFO1:ref,
author = "P Grenon",
title = "BFO in a Nutshell: A Bi-categorial Axiomatization of BFO and Comparison with DOLCE",
offseries = "IFOMIS-Report",
year = 2003, 
offnumber = 6,
address = "Leipzig"
}

@book{DOLCE:ref,
title = "WonderWeb Deliverable D17. The WonderWeb Library of Foundational Ontologies and the DOLCE ontology",
author = "Claudio Masolo AND Stefano Borgo AND Aldo Gangemi AND Nicola Guarino AND Alessandro Oltramari AND Luc Schneider",
year = 2003,
url = {http://www.loa-cnr.it/Papers/DOLCE2.1-FOL.pdf}
}

@book{GFO:ref,
author = "Herre, H and others",
title = "General Formal Ontology (GFO): A Foundational Ontology Integrating Objects and Processes. Part I: Basic Principles",
year = 2006,
address = "Leipzig"
}

@inproceedings{Calvanese:1997,
author = "Calvanese, D AND De Giacomo, G and Lenzerini, M",
title = "Conjunctive Query Containment in Description Logics with n-ary Relations",
editor = "Brachman, R and others",
booktitle = "Proceedings of the 1997 Description Logic Workshop (DL’97)",
year = 1997,
pages = "5--9"
}

@article{Wolter:2001,
author = "Wolter, F AND Zakharyashev, M and Mosurovicz, M",
title = "Temporalizing Description Logic: a point based approach",
journal = "Bulletin of the Italian Association for Artificial Intelligence",
volume =  14,
year = 2001,
pages = "16--20"
}
@inproceedings{Welty:2006,
author = "Welty, C and Fikes, R",
year = 2006,
title = "A Resuable Ontology for Fluents in OWL",
editor = "Bennett, B and Fellbaum, C",
booktitle =  "Proceedings of FOIS-2006",
pages = "226--236"
}

@other{Man:Syntax,
author = "Horridge, M and Patel-Schneider, PF",
title = "OWL 2 Web Ontology Language Manchester Syntax",
year = 2009,
url = "http://www.w3.org/TR/owl2-manchester-syntax/"
}

@other{OWL2:direct,
author = "Motik, B AND Patel-Schneider, PF and Cuenca Grau, B",
title = "OWL 2 Web Ontology Language Direct Semantics",
year =  2009,
url = "http://www.w3.org/TR/2009/REC-owl2-direct-semantics-20091027/"
}

@other{OWL2:structural,
author = "Motik, B AND Patel-Schneider, PF AND Parsia, B",
title = "OWL 2 Web Ontology Language Structural Specification and Functional-Style Syntax",
year = 2009,
url =  "http://www.w3.org/TR/2009/REC-owl2-syntax-20091027/"
}

@article{OBO:RO,
author = "Smith, B and others",
title = "Relations in biomedical ontologies",
journal = "Genome Biology",
volume =  6,
number = 5,
pages = "R46",
year = 2005,
url = "http://genomebiology.com/2005/6/5/R46"
}

 
@article{OntoClean,
author = "Guarino, B and Welty C",
title = "Evaluating Ontological Decisions with {OntoClean}",
journal = "Communications of the ACM",
volume =  45,
number = 2,
pages = "61-65",
year = 2002
}






@inproceedings{ODP:nary,
author = "Aranguren, ME and others",
title = "Nary Relationship",
booktitle = "Ontology Design Pattern Public Catalog",
year = 2009,
url = "http://www.gong.manchester.ac.uk/odp/html/Nary_Relationship.html"
}

@other{BFO2:ref,
author = "Smith, B \textit{et al.}",
title = "Basic Formal Ontology 2.0. Draft Specification and User's Guide",
url = "http://purl.obolibrary.org/obo/bfo/2012-07-20/Reference",
year = 2012
}

@other{BFO2:Graz,
author = "{BFO 2 OWL Group}",
title = "{BFO 2 OWL Preview Release}",
url = "http://purl.obolibrary.org/obo/bfo/2012-11-15-bugfix/bfo.owl"
}

@inproceedings{Grewe:2010,
author ="Grewe, N",
title = "A generic reification strategy for n-ary relations in DL",
editor = "Herre, H. and others",
booktitle = "Proceedings of the 2nd workshop of the GI-Fachgruppe 'Ontologien in Biomedizin und Lebenswissenschaften' (OBML) : Mannheim, Germany, Sep 9–10",
year = 2010,
pages = "N1–5"
}

@inproceedings{Fiadeiro:2010,
author = "Severi, P AND  Fiadeiro, J and Ekserdjian, D",
title = "Guiding Reification in OWL through Aggregation",
editor = "Haarslev, V AND Toman, D and Weddell, G",
booktitle = "Proceedings of the 2010 Description Logic Workshop (DL2010)",
year = 2010,
pages = "416--427"
}

@inproceedings{Jansen:Schulz,
author = "Jansen, L and Schulz, S",
title = "Crisp islands in vague seas. Cases of determinate parthood relations in biological objects",
editor  ="Calosi, C and Graziani, P",
booktitle = "Mereology and the Sciences",
publisher = "Springer",
year = 2014
}


@inproceedings{Bittner:Donnelly,
author = "Bittner, T and Donnelly, M",
title = "The mereology of stages and persistent entities",
editor  ="Lopez de Mantaras, R and Saitta, L",
booktitle = "Proceedings of the European Conference of Artificial Intelligence (ECAI04)",
publisher = "IOS Press",
address = "Baltimore",
year = 2004,
pages = "283--287"
}

@book{Armstrong:USR,
author = "Armstrong, DM",
title = "Universals and Scientific Realism. Vol. 2: A Theory of Universals",
publisher = "Cambridge University Press",
address = "Cambridge",
year = 1978
}
@article{Loebe:2007,
author = "Loebe, F",
title = "Abstract vs. social roles: Towards a general theoretical account of roles",
journal = "Applied Ontology",
volume =  2,
year= 2007,
pages = "127--158"
}
@article{cornucopia,
author = "Smith, B and Grenon, P", 
title = "The Cornucopia of Formal-Ontological Relations",
journal = "Dialectica",
volume = 58,
number = 3,
year = 2004,
pages = "279--296"
}

@INPROCEEDINGS{OPPL,
    author = "Mikel Egaña and Robert Stevens and Erick Antezana",
    title = "Transforming the Axiomisation of Ontologies: The Ontology Pre-Processor Language",
    booktitle = "Proceedings of OWLED 2008 DC OWL: Experiences and Directions",
year = 2008
}

@incollection{Gangemi:DnS,
  added-at = {2012-03-05T20:50:24.000+0100},
  author = {Gangemi, Aldo},
  biburl = {http://www.bibsonomy.org/bibtex/265137be0b17cc48f9442313a6ffe4537/gangemi},
  booktitle = {Proceedings of DeepKR Challenge Workshop at KCAP11},
  editor = {Chaudry, Vinay},
  interhash = {eca380ecc36f14cbb70ad548122e50f8},
  intrahash = {65137be0b17cc48f9442313a6ffe4537},
  keywords = {descriptionsandsituations dns for:stlab n-aryrelations ontologydesign owl rif},
  timestamp = {2012-03-05T20:50:24.000+0100},
  title = {Super-duper Schema: an OWL2+RIF DnS Pattern},
  url = {http://www.ai.sri.com/halo/public/dkrckcap2011/Gangemi.pdf},
  year = 2011}

@inproceedings{Zamborlini:Guizzardi,
  added-at = {2011-08-25T00:00:00.000+0200},
  author = {Zamborlini, Veruska and Guizzardi, Giancarlo},
  biburl = {http://www.bibsonomy.org/bibtex/2df27859b8f8ce6da038c39795737ea01/dblp},
  booktitle = {EDOCW},
  ee = {http://doi.ieeecomputersociety.org/10.1109/EDOCW.2010.50},
  interhash = {12808ea5c6d54c6c07f2da1ff4058e10},
  intrahash = {df27859b8f8ce6da038c39795737ea01},
  isbn = {978-0-7695-4164-8},
  keywords = {dblp},
  pages = {283-292},
  publisher = {IEEE Computer Society},
  timestamp = {2011-08-25T00:00:00.000+0200},
  title = {On the Representation of Temporally Changing Information in OWL.},
  url = {http://dblp.uni-trier.de/db/conf/edoc/edoc2010w.html#ZamborliniG10},
  year = 2010
}

@ARTICLE{grau2008,
  author = {Grau, Bernardo Cuenca and Horrocks, Ian and Motik, Boris and Parsia,
	Bijan and Patel-Schneider, Peter and Sattler, Ulrike},
  title = {{OWL} 2: The next step for {OWL}},
  journal = {Web Semantics},
  year = {2008},
  volume = {6},
  pages = {309--322},
  month = {November},
  acmid = {1464604},
  address = {Amsterdam, The Netherlands, The Netherlands},
  doi = {10.1016/j.websem.2008.05.001},
  issn = {1570-8268},
  issue = {4},
  keywords = {Ontologies, Ontology languages, Semantic Web},
  numpages = {14},
  publisher = {Elsevier Science Publishers B. V.},
  url = {http://portal.acm.org/citation.cfm?id=1464505.1464604}
}

@ARTICLE{go2000,
  author = { {The Gene Ontology Consortium} },
  title = {Gene ontology: tool for the unification of biology},
  journal = {Nat. Genet.},
  year = {2000},
  volume = {25},
  pages = {25--9},
  issue = {1},
  owner = {hastings},
  timestamp = {2012.01.14}
}

@Article{chebinar2013,
	author = {Janna Hastings and Paula {de Matos} and Adriano Dekker and Marcus Ennis and Bhavana Harsha and Namrata Kale and Venkatesh Muthukrishnan and Gareth Owen and Steve Turner and Mark Williams and Christoph Steinbeck},
	title = {The {ChEBI} reference database and ontology for biologically relevant chemistry: enhancements for 2013},
	year  = {2013},
	journal = {Nucleic Acids Research}, 
	volume = {41(Database issue)},
	pages = {D456-63}
}

@book{baader2007dlhandbook,
    author = {Baader, Franz and Calvanese, Diego and McGuiness, Deborah and Nardi, Daniele and Patel-Schneider, Peter},
    publisher = {Cambridge University Press},
    title = {Description Logic Handbook, 2nd Edition},
    year = {2007}
}

@ARTICLE{boeker2011,
  author = {Martin Boeker and Ilinca Tudose and Janna Hastings and Daniel Schober
	and Stefan Schulz},
  title = {Unintended consequences of existential quantifications in biomedical
	ontologies},
  journal = {BMC Bioinformatics},
  year = {2011},
  volume = {12},
  number = {456},
  owner = {hastings},
  timestamp = {2012.01.31}
}

@ARTICLE{Smith2007,
  author = {Barry Smith and Michael Ashburner and Cornelius Rosse and Jonathan
	Bard and William Bug and Werner Ceusters and Louis J Goldberg and
	Karen Eilbeck and Amelia Ireland and Christopher J Mungall and {The
	OBI Consortium} and Neocles Leontis and Philippe Rocca-Serra and
	Alan Ruttenberg and Susanna-Assunta Sansone and Richard H Scheuermann
	and Nigam Shah and Patricia L Whetzel and Suzanna Lewis},
  title = {The {OBO Foundry}: coordinated evolution of ontologies to support
	biomedical data integration.},
  journal = {Nature Biotechnology},
  year = {2007},
  volume = {25},
  pages = {1251--1255},
  number = {11},
  month = {Nov},
  doi = {10.1038/nbt1346},
  nihmsid = {169394},
  owner = {cjm},
  pii = {nbt1346},
  pmid = {17989687},
  timestamp = {2007.12.17}
}

@Article{uberon2012,
	author = {Christopher J Mungall and Carlo Torniai and Georgios V Gkoutos and Suzanna E Lewis and Melissa A Haendel},
	title = {Uberon, an integrative multi-species anatomy ontology},
	year  = {2012},
	journal = {Genome Biology},
	volume = {13},
	issue = {1}
}

@article{ferreira2013exploiting,
  title={Exploiting disjointness axioms to improve semantic similarity measures},
  author={Ferreira, Jo{\~a}o D and Hastings, Janna and Couto, Francisco M},
  journal={Bioinformatics},
  year={2013},
  volume = {29},
  issue = {21},
  pages = {2781-2787},
  publisher={Oxford University Press}
}
